@inproceedings{ceccato2008goto,
    title = {Goto elimination strategies in the migration of legacy code to Java},
    author = {Ceccato, Mariano and Tonella, Paolo and Matteotti, Cristina},
    booktitle = {2008 12th European Conference on Software Maintenance and Reengineering},
    pages = {53--62},
    year = {2008},
    organization = {IEEE}
}

@inproceedings{erosa1994taming,
    title = {Taming control flow: A structured approach to eliminating goto statements},
    author = {Erosa, Ana M. and Hendren, Laurie J.},
    booktitle = {Proceedings of 1994 IEEE International Conference on Computer Languages (ICCL'94)},
    pages = {229--240},
    year = {1994},
    organization = {IEEE}
}

@article{wulf1972case,
    title = {A case against the goto},
    author = {Wulf, William A.},
    booktitle = {Proceedings of the ACM annual conference-Volume 2},
    pages = {791--797},
    year = {1972}
}

@article{ramshaw1988eliminating,
    title = {Eliminating go to's while preserving program structure},
    author = {Ramshaw, Lyle},
    journal = {Journal of the ACM (JACM)},
    volume = {35},
    number = {4},
    pages = {893--920},
    year = {1988},
    publisher = {ACM New York, NY, USA}
}

@article{peterson1973capabilities,
    title = {On the capabilities of while, repeat, and exit statements},
    author = {Peterson, W. Wesley and Kasami, Tadao and Tokura, Nobuki},
    journal = {Communications of the ACM},
    volume = {16},
    number = {8},
    pages = {503--512},
    year = {1973},
    publisher = {ACM New York, NY, USA}
}

@article{knuth1974structured,
    title = {Structured programming with go to statements},
    author = {Knuth, Donald E.},
    journal = {ACM Computing Surveys (CSUR)},
    volume = {6},
    number = {4},
    pages = {261--301},
    year = {1974},
    publisher = {ACM New York, NY, USA}
}

@article{knuth1971notes,
    title = {Notes on avoiding “go to” statements},
    author = {Knuth, Donald E. and Floyd, Robert W.},
    journal = {Information processing letters},
    volume = {1},
    number = {1},
    pages = {23--31},
    year = {1971},
    publisher = {Elsevier}
}

@article{ganapathi2008shim,
    title = {SHIM Optimization: Elimination Of Unstructured Loops},
    author = {Ganapathi, Ravindra Babu and Edwards, Stephen A.},
    year = {2008},
    publisher = {Department of Computer Science, Columbia University}
}

@article{morris1997goto,
    title = {Goto removal based on regular expressions},
    author = {Morris, Paul H. and Gray, Ronald A. and Filman, Robert E.},
    journal = {Journal of Software Maintenance: Research and Practice},
    volume = {9},
    number = {1},
    pages = {47--66},
    year = {1997},
    publisher = {Wiley Online Library}
}

@misc{zegour1994new,
    title = {A new method for GOTO’s elimination},
    author = {Zegour, DE. and Abbasi, B.},
    year = {1994},
    publisher = {INI}
}

@article{jonsson1989next,
    title = {Next: the elimination of Goto-patches?},
    author = {Jonsson, Dan},
    journal = {ACM Sigplan Notices},
    volume = {24},
    number = {3},
    pages = {85--92},
    year = {1989},
    publisher = {ACM New York, NY, USA}
}

@article{williams1985restructuring,
    title = {Restructuring pascal programs containing goto statements},
    author = {Williams, M. Howard and Chen, G.},
    journal = {The Computer Journal},
    volume = {28},
    number = {2},
    pages = {134--137},
    year = {1985},
    publisher = {Oxford University Press}
}

@misc{bugayenko2021eolang,
    title = {EOLANG and $\varphi$-calculus},
    author = {Yegor Bugayenko},
    year = {2021},
    eprint = {2111.13384},
    archivePrefix = {arXiv},
    primaryClass = {cs.PL}
}

@misc{kudasov2021,
    author = {Kudasov, Nikolai and Kim, Violetta},
    title = {$\varphi$-calculus: a purely object-oriented calculus of decorated objects},
    year = {2022},
    eprint = {2204.07454},
    archivePrefix = {arXiv},
    primaryClass = {cs.PL}
}

@article{dijkstra1968letters,
    title = {Letters to the editor: go to statement considered harmful},
    author = {Dijkstra, Edsger W.},
    journal = {Communications of the ACM},
    volume = {11},
    number = {3},
    pages = {147--148},
    year = {1968},
    publisher = {ACM New York, NY, USA}
}

@article{arsac1977construction,
    title = {La construction de programmes structur{\'e}s},
    author = {Arsac, Jacques},
    year = {1977},
    journal = {Dunod}
}

@article{baldoni2018survey,
    title = {A survey of symbolic execution techniques},
    author = {Baldoni, Roberto and Coppa, Emilio and D’elia, Daniele Cono and Demetrescu, Camil and Finocchi, Irene},
    journal = {ACM Computing Surveys (CSUR)},
    volume = {51},
    number = {3},
    pages = {1--39},
    year = {2018},
    publisher = {ACM New York, NY, USA}
}
